@InCollection{maccabe:76,
  author = 	 {McCabe, T.},
  title = 	 {A complexity Measure},
  publisher = 	 {IEEE TSE, SE-2, Vol. 4},
  pages = {308--320},
  year = 	 {1976},
}

@InCollection{chidamber:94,
  title =    {A metrics suite for object oriented design},
  author =   {Chidamber, S.; Kemerer, C.},
  publisher =    {IEEE TSE, Vol. 20 (6)},
  pages = {476--493},
  year =     {1994},
}

@InCollection{li:93,
  title =    {Object-Oriented Metrics that Predict Maintainability},
  author =   {W. Li; S. Henry},
  publisher =    {J. Systems and Software, vol. 23, no. 2},
  year =     {1994},
}

@Book{henderson:96,
  author =   {Henderson-Sellers, B.},
  title = {Object-oriented metrics: measures of complexity},
  publisher =  {Prentice-Hall},
  year =     {1996},
}

@Book{lorenz:94,
  author =   {Lorenz, M.; Kidd, J.},
  title = {Object-oriented metrics: A Practical Guide},
  publisher =  {Prentice-Hall},
  year = {1994},
}